<record xmlns="http://www.loc.gov/MARC21/slim" xmlns:xsi="http://www.w3.org/2001/XMLSchema-instance" xsi:schemaLocation="http://www.loc.gov/MARC21/slim http://www.loc.gov/standards/marcxml/schema/MARC21slim.xsd"><leader>02700nam a2200445   4500</leader><controlfield tag="001">001683069</controlfield><controlfield tag="003">NNU</controlfield><controlfield tag="006">m        d        </controlfield><controlfield tag="007">cr cn |||m|||a</controlfield><controlfield tag="008">150223m19681969iq      ob    000 0 arar</controlfield><datafield ind1=" " ind2=" " tag="040"><subfield code="a">NNU</subfield><subfield code="b">eng</subfield><subfield code="e">rda</subfield><subfield code="c">NNU</subfield></datafield><datafield ind1="0" ind2="0" tag="050"><subfield code="a">PJ6161</subfield><subfield code="b">.I285</subfield></datafield><datafield ind1="1" ind2=" " tag="100"><subfield code="6">880-01</subfield><subfield code="a">Ibn Ma&#699;s&#803;u&#772;m, &#699;Ali&#772; ibn Ah&#803;mad,</subfield><subfield code="d">1642-approximately 1707.</subfield></datafield><datafield ind1="1" ind2="0" tag="245"><subfield code="6">880-02</subfield><subfield code="a">Anwa&#772;r al-rabi&#772;&#699; fi&#772; anwa&#772;&#699; al-badi&#772;&#699;,</subfield><subfield code="c">ta&#700;li&#772;f &#699;Ali&#772; S&#803;adr al-Di&#772;n ibn Ma&#699;s&#803;u&#772;m al-Madani&#772;. H&#803;aqqaqahu wa-tarjama li-shu&#699;ara&#772;&#700;ih Sha&#772;kir H&#803;a&#772;di&#772; Shukr.</subfield></datafield><datafield ind1=" " ind2=" " tag="250"><subfield code="6">880-03</subfield><subfield code="a">[al-t&#803;ab&#699;ah 1.].</subfield></datafield><datafield ind1=" " ind2=" " tag="260"><subfield code="6">880-04</subfield><subfield code="a">[Karbala&#772;&#700;] :</subfield><subfield code="b">[Maktabat al-&#699;Irfa&#772;n],</subfield><subfield code="c">[1968]-69.</subfield></datafield><datafield ind1=" " ind2=" " tag="300"><subfield code="a">online resource (7 volumes)</subfield></datafield><datafield ind1=" " ind2=" " tag="336"><subfield code="a">text</subfield><subfield code="2">rdacontent</subfield></datafield><datafield ind1=" " ind2=" " tag="337"><subfield code="a">computer</subfield><subfield code="2">rdamedia</subfield></datafield><datafield ind1=" " ind2=" " tag="338"><subfield code="a">online resource</subfield><subfield code="2">rdacarrier</subfield></datafield><datafield ind1=" " ind2=" " tag="500"><subfield code="a">Added t.p.: Anwa&#772;r ul rabie fi&#772; anwa il badie, compiled by Sayed Ali Sadruddi&#772;n-bin-Masoom al-Madani.</subfield></datafield><datafield ind1=" " ind2=" " tag="500"><subfield code="a">Vol. 7: "Faha&#772;ris al-kita&#772;b."</subfield></datafield><datafield ind1=" " ind2=" " tag="500"><subfield code="a">Part of the Arabic Collections Online (ACO) project, contributed by New York Univeristy Libraries.</subfield></datafield><datafield ind1=" " ind2=" " tag="504"><subfield code="a">Includes bibliographical references (v. 7, pages 379-411).</subfield></datafield><datafield ind1=" " ind2=" " tag="533"><subfield code="a">Electronic reproduction.</subfield><subfield code="b">New York, N.Y. :</subfield><subfield code="c">New York University,</subfield><subfield code="d">2015.</subfield><subfield code="5">NNU</subfield></datafield><datafield ind1=" " ind2="0" tag="650"><subfield code="a">Arabic language</subfield><subfield code="x">Figures of speech.</subfield></datafield><datafield ind1=" " ind2="7" tag="650"><subfield code="a">Arabic language</subfield><subfield code="x">Figures of speech.</subfield><subfield code="2">fast</subfield><subfield code="0">(OCoLC)fst00812328</subfield></datafield><datafield ind1="1" ind2=" " tag="700"><subfield code="6">880-05</subfield><subfield code="a">Shukr, Sh&#257;kir H&#257;d&#299;</subfield><subfield code="e">editor.</subfield></datafield><datafield ind1="2" ind2=" " tag="710"><subfield code="a">New York University.</subfield><subfield code="b">Libraries.</subfield></datafield><datafield ind1="0" ind2=" " tag="730"><subfield code="a">Arabic Collections Online.</subfield></datafield><datafield ind1="0" ind2="8" tag="776"><subfield code="i">Online version:</subfield><subfield code="a">Ibn Ma&#699;s&#803;u&#772;m, &#699;Ali&#772; ibn Ah&#803;mad, 1642-approximately 1707.</subfield><subfield code="t">Anwa&#772;r al-rabi&#772;&#699; fi&#772; anwa&#772;&#699; al-badi&#772;&#699;.</subfield><subfield code="b">[al-t&#803;ab&#699;ah 1.].</subfield><subfield code="d">[Karbala&#772;&#700;, Maktabat al-&#699;Irfa&#772;n] [1968]-69</subfield><subfield code="w">(OCoLC)582643248</subfield></datafield><datafield ind1="0" ind2="8" tag="776"><subfield code="i">Print version:</subfield><subfield code="a">Ibn Ma&#699;s&#803;u&#772;m, &#699;Ali&#772; ibn Ah&#803;mad, 1642-approximately 1707.</subfield><subfield code="t">Anwa&#772;r al-rabi&#772;&#699; fi&#772; anwa&#772;&#699; al-badi&#772;&#699;</subfield><subfield code="w">(NNU)001683069</subfield><subfield code="w">(DLC)   74232292</subfield></datafield><datafield ind1="4" ind2="0" tag="856"><subfield code="u">http://hdl.handle.net/2333.1/nvx0k8qt</subfield></datafield><datafield ind1="1" ind2=" " tag="880"><subfield code="6">100-01/</subfield><subfield code="a">&#1575;&#1576;&#1606; &#1605;&#1593;&#1589;&#1608;&#1605;&#1548; &#1593;&#1604;&#1610; &#1576;&#1606; &#1575;&#1581;&#1605;&#1583;&#1548;,</subfield><subfield code="d">1642-approximately 1707.</subfield></datafield><datafield ind1="1" ind2="0" tag="880"><subfield code="6">245-02/</subfield><subfield code="a">&#1575;&#1606;&#1608;&#1575;&#1585; &#1575;&#1604;&#1585;&#1576;&#1610;&#1593; &#1601;&#1610; &#1575;&#1606;&#1608;&#1575;&#1593; &#1575;&#1604;&#1576;&#1583;&#1610;&#1593; /</subfield><subfield code="c">&#1578;&#1571;&#1604;&#1610;&#1601; &#1593;&#1604;&#1610; &#1589;&#1583;&#1585; &#1575;&#1604;&#1583;&#1610;&#1606; &#1576;&#1606; &#1605;&#1593;&#1589;&#1608;&#1605; &#1575;&#1604;&#1605;&#1583;&#1606;&#1610;. &#1581;&#1602;&#1602;&#1607; &#1608;&#1578;&#1585;&#1580;&#1605; &#1604;&#1588;&#1593;&#1585;&#1575;&#1574;&#1607; &#1588;&#1575;&#1603;&#1585; &#1581;&#1575;&#1583;&#1610; &#1588;&#1603;&#1585;.</subfield></datafield><datafield ind1=" " ind2=" " tag="880"><subfield code="6">250-03/</subfield><subfield code="a">[&#1575;&#1604;&#1591;&#1576;&#1593;&#1577; 1.].</subfield></datafield><datafield ind1=" " ind2=" " tag="880"><subfield code="6">260-04/</subfield><subfield code="a">[&#1603;&#1585;&#1576;&#1604;&#1575;&#1569; :</subfield><subfield code="b">&#1605;&#1603;&#1578;&#1576;&#1577; &#1575;&#1604;&#1593;&#1585;&#1601;&#1575;&#1606;]&#1548;</subfield><subfield code="c">[1968]-69.</subfield></datafield><datafield ind1="1" ind2=" " tag="880"><subfield code="6">700-05/</subfield><subfield code="a">&#1588;&#1603;&#1585;&#1548; &#1588;&#1575;&#1603;&#1585; &#1607;&#1575;&#1583;&#1610;.</subfield></datafield><datafield ind1=" " ind2=" " tag="959"><subfield code="a">NNU</subfield><subfield code="b">WEB</subfield><subfield code="c">GENI</subfield><subfield code="t">0</subfield><subfield code="m">Electronic access</subfield><subfield code="s">01</subfield></datafield><datafield ind1=" " ind2=" " tag="999"><subfield code="i">NNU_001683069</subfield><subfield code="s">nyu_aco000027:v.1</subfield><subfield code="s">nyu_aco000028:v.2</subfield><subfield code="s">nyu_aco000029:v.3</subfield><subfield code="s">nyu_aco000030:v.4</subfield><subfield code="s">nyu_aco000031:v.5</subfield><subfield code="s">nyu_aco000032:v.6</subfield><subfield code="s">nyu_aco000033:v.7</subfield></datafield></record>